@book{book_key,
	address = {City},
	publisher = {Publisher},
	author = {Smith, John},
	title = {Book title},
	year = {2012},
	volume = {3},
	series = {2},
	edition = {1},
	pages = {123--200},
	month = {January}
}

@article{article_key,
	address = {City},
	publisher = {Publisher},
	author = {Smith, James},
	title = {Article title},
	year = {2013},
	volume = {14},
	number = {6},
	pages = {1--8},
	month = {March}
}

@online{softwaresupply,
      author = "Florian Lindner",
      title = "App Store Optimierung: Dos and Donts",
      Lastchecked = {20.12.2016},
      url = "http://www.softwaresupply.de/app-entwickler-blog/app-store-optimierung-dos-and-donts"
}

@online{greencarreports,
      author = "John Voelcker",
      title = "1.2 Billion Vehicles On World's Roads Now, 2 Billion By 2035: Report",
      Month = {7},
      Year = {2014},
      Lastchecked = {20.12.2016},
      url = "http://www.greencarreports.com/news/1093560_1-2-billion-vehicles-on-worlds-roads-now-2-billion-by-2035-report "
}

@online{statista1,
      author = "Statista",
      title = "Fahrzeugbestand",
      Lastchecked = {20.12.2016},
      url = "https://de.statista.com/themen/1422/fahrzeugbestand/"
}

@online{statista2,
      author = "Statista",
      Year = {2016},
      title = "Pkw Bestand in Deutschland",
      Lastchecked = {20.12.2016},
      url = "https://de.statista.com/themen/1422/fahrzeugbestand/"
}

@online{welt1,
      author = "Haiko Prengel",
      Month = {05},
      Year = {2016},
      title = "Parkplatzsuche frisst im Jahr 560 Millionen Stunden",
      Lastchecked = {20.12.2016},
      url = "https://www.welt.de/motor/article154871449/Parkplatzsuche-frisst-im-Jahr-560-Millionen-Stunden.html"
}

@online{apcoa,
      author = "Apcoa",
      Year = {2013},
      Month = {04},
      title = "Parkplatzsuche frisst im Jahr 560 Millionen Stunden",
      Lastchecked = {20.12.2016},
      url = "http://www.apcoa.de/nachrichten/artikel/apcoa-parking-studie-die-parkplatz-suche-verschlingt-viel-zeit-und-geld.html"
}

@online{forbes,
      author = "Emma Johnson",
      Year = {2014},
      Month = {12},
      title = "6 Parking Apps That Save You Time and Money",
      Lastchecked = {20.12.2016},
      url = "http://www.forbes.com/sites/emmajohnson/2014/12/18/5-parking-apps-that-help-you-save-time-and-money/#78642f7a4c0c"
}

@online{welt2,
      author = "Stephan Dörner",
      Year = {2016},
      Month = {06},
      title = "Warum Google und Apple im Auto nicht glänzen",
      Lastchecked = {20.12.2016},
      url = "https://www.welt.de/wirtschaft/webwelt/article155895862/Warum-Google-und-Apple-im-Auto-nicht-glaenzen.html"
}

@online{statista3,
      author = "Statista",
      Year = {2016},
      title = "Anzahl Autofahrer in Deutschland",
      Lastchecked = {20.12.2016},
      url = "https://de.statista.com/statistik/daten/studie/170974/umfrage/autofahrer-mit-pkw-im-haushalt-nach-hauptsaechlichem-nutzer/"
}

@online{umfrage,
      author = "CarBook",
      Year = {2016},
      title = "Umfrage zur Parking App",
      Lastchecked = {20.12.2016},
      url = "https://docs.google.com/forms/d/1NigscxLdOg7zbnD27HTBrszAImWEdEAGjllycH8dWyw/edit"
}

@online{statista4,
      author = "Statista",
      Year = {2016},
      title = "Nutzung von Connected Car Anwendungen",
      Lastchecked = {20.12.2016},
      url = "https://de.statista.com/statistik/daten/studie/431767/umfrage/nutzung-von-connected-car-anwendungen-fuer-das-navigationssystem/"
}



@online{statista5,
      author = "Statista",
      Year = {2016},
      title = "Nötige Downloads für Top 10 in App Store",
      Lastchecked = {20.12.2016},
      url = "https://de.statista.com/statistik/daten/studie/211040/umfrage/noetige-downloads-fuer-eine-position-in-den-app-store-top-10-charts-nach-laendern/"
}

@online{googleplay,
      title = "Bewertungen der App ADAC Parkinfo",
      Lastchecked = {20.12.2016},
      url = "https://play.google.com/store/apps/details?id=com.ilogs.restmycar.adac&hl=de"
}

@online{iphonetricks,
      Year = {2015},
      Month = {12},
      title = "Das waren die App Icon Farben 2015",
      Lastchecked = {20.12.2016},
      url = "http://iphone-tricks.de/news/37136-app-icon-farben-2015"
}

@online{statista6,
      author = "Statista",
      Year = {2016},
      title = "Größte Parkhausbetreiber in Deutschland im Jahr 2011 nach Parkplatzangebot",
      Lastchecked = {20.12.2016},
      url = "https://de.statista.com/statistik/daten/studie/254471/umfrage/groesste-parkhausbetreiber-deutschlands/"
}

@book{koll,
	address = {Wiesbaden},
	publisher = {Gabler},
	author = {Kollmann, Tobias},
	title = {E-Entrepreneurship: Grundlagen der Unternehmensgründung in der Net Economy},
	year = {2009},
	volume = {},
	series = {},
	edition = {3},
	pages = {42},
}

@book{mcdo,
	address = {Heidelberg},
	publisher = {Spektrum, Akad. Verl.},
	author = {McDonald, Malcom},
	title = {Marketingpläne: eine Einführung für die praktische Anwendung},
	year = {2008},
	volume = {},
	series = {},
	edition = {6},
	pages = {28-76},
}

@book{barr,
	address = {Boston},
	publisher = {Pearson},
	author = {Barringer, Bruce},
	title = {Entrepreneurship: successfully launching new ventures},
	year = {2010},
	volume = {},
	series = {},
	edition = {3},
	pages = {275},
}

@online{existlohn,
    author = "exist.de",
	year = {2016},
	title = "Das Exist-Gründerstipendium",
    Lastchecked = {20.12.2016},
    Url = "http://www.exist.de/DE/Programm/Exist-Gruenderstipendium/inhalt.html"
}

@online{abrechnungsmodelle,
	author = "projecter.de",
	year = {2015},
	title = "Abrechnungsmodelle im Affiliate-Marketing",
    Lastchecked = {20.12.2016},
    Url = "http://www.projecter.de/blog/affiliate-marketing/cpo-cpc-cpl-abrechnungsmodelle-im-affiliate-marketing.html"
}

@online{adsense,
    author = "webgilde.com",
	year = {2013},
	title = "Einnahmen mit Adsense",
    Lastchecked = {20.12.2016},
    Url = "Https://webgilde.com/de/einnahmen-Mit-Adsense/"
}

@online{mobilgeld,
    author = "e-commerce-magazin.de",
	year = {2011},
	title = "Mit Werbung in mobilen Apps Geld verdienen",
    Lastchecked = {20.12.2016},
    Url = "http://www.e-commerce-magazin.de/mit-werbung-mobilen-apps-geld-verdienen"
}

@online{ctr,
    author = "onpage.org",
	year = {2011},
	title = "Click-Through-Rate",
    Lastchecked = {20.12.2016},
    Url = "https://de.onpage.org/wiki/Click-Through-Rate"
}

@online{handelsgesellschaft,
    author = "wikipedia.org",
	year = {2016},
	title = "Offene Handelsgesellschaft",
    Lastchecked = {20.12.2016},
    Url = "https://de.wikipedia.org/wiki/Offene_Handelsgesellschaft"
}

@online{amine,
    author = "Amine Afia",
	%year = {2016},
	%title = "CarBook prototype",
    %Lastchecked = {20.12.2016},
    %Url = "https://amineafia.github.io/carbook/"
}

@online{elham,
    author = "Elham Gharibi",
	%year = {2016},
	%title = "CarBook prototype",
    %Lastchecked = {20.12.2016},
    %Url = "https://amineafia.github.io/carbook/"
}

@online{laura,
    author = "Laura Ditus",
	%year = {2016},
	%title = "CarBook prototype",
    %Lastchecked = {20.12.2016},
    %Url = "https://amineafia.github.io/carbook/"
}

@online{lisa,
    author = "Lisa Zinßer"
	%year = {2016},
	%title = "CarBook prototype",
    %Lastchecked = {20.12.2016},
    %Url = "https://amineafia.github.io/carbook/"
}

@online{acknow,
    author = "Alle Entwurf lizenzen: ",
	year = {2016},
	title = "Lizenzen",
    Lastchecked = {20.12.2016},
    Url = "https://github.com/AmineAfia/carbook"
}

@online{statista7,
      author = "Statista",
      Year = {2016},
      title = "Anteil der mit dem Internet vernetzten Neuwagen",
      Lastchecked = {23.12.2016},
      url = "https://de.statista.com/statistik/daten/studie/407955/umfrage/anteil-der-mit-dem-internet-vernetzten-fahrzeuge/"
}
